<record><leader>00000cas a2200000 a 4500</leader><controlfield tag="001">12378393</controlfield><controlfield tag="008">850813c19829999paudr ne      0   a0eng d</controlfield><datafield ind1=" " ind2=" " tag="010"><subfield code="a">sn 86083340 </subfield></datafield><datafield ind1=" " ind2=" " tag="040"><subfield code="a">PBB</subfield><subfield code="b">eng</subfield><subfield code="c">PBB</subfield><subfield code="d">NPH</subfield><subfield code="d">NSD</subfield><subfield code="d">OCLCQ</subfield></datafield><datafield ind1=" " ind2=" " tag="012"><subfield code="m">y</subfield></datafield><datafield ind1="1" ind2=" " tag="022"><subfield code="a">0896-4084</subfield><subfield code="l">0896-4084</subfield><subfield code="y">0199-0519</subfield><subfield code="2">1</subfield></datafield><datafield ind1="1" ind2=" " tag="029"><subfield code="a">AU@</subfield><subfield code="b">000045313384</subfield></datafield><datafield ind1="1" ind2=" " tag="029"><subfield code="a">NZ1</subfield><subfield code="b">16076170</subfield></datafield><datafield ind1=" " ind2=" " tag="032"><subfield code="a">499710</subfield><subfield code="b">USPS</subfield></datafield><datafield ind1=" " ind2=" " tag="037"><subfield code="b">Times Leader, 15 N. Main St., Wilkes-Barre, PA 18711</subfield></datafield><datafield ind1=" " ind2=" " tag="042"><subfield code="a">msc</subfield><subfield code="a">nsdp</subfield></datafield><datafield ind1="0" ind2=" " tag="130"><subfield code="a">Times leader (Wilkes-Barre, Pa.)</subfield></datafield><datafield ind1=" " ind2="4" tag="222"><subfield code="a">The Times leader</subfield><subfield code="b">(Wilkes-Barre, Pa.)</subfield></datafield><datafield ind1="1" ind2="4" tag="245"><subfield code="a">The Times leader.</subfield></datafield><datafield ind1="3" ind2="0" tag="246"><subfield code="a">Sunday times leader</subfield></datafield><datafield ind1=" " ind2=" " tag="260"><subfield code="a">Wilkes-Barre, Pa. :</subfield><subfield code="b">Richard L. Conner,</subfield><subfield code="c">1982-</subfield></datafield><datafield ind1=" " ind2=" " tag="300"><subfield code="a">v. :</subfield><subfield code="b">ill.</subfield></datafield><datafield ind1=" " ind2=" " tag="310"><subfield code="a">Daily,</subfield><subfield code="b">Aug. 9, 1987-</subfield></datafield><datafield ind1=" " ind2=" " tag="321"><subfield code="a">Daily (except Sunday),</subfield><subfield code="b">Mar. 29, 1982-Aug. 8, 1987</subfield></datafield><datafield ind1="0" ind2=" " tag="362"><subfield code="a">Mar. 29, 1982-</subfield></datafield><datafield ind1=" " ind2=" " tag="500"><subfield code="a">On Sunday published as: Sunday times leader, Aug. 9, 1987-</subfield></datafield><datafield ind1=" " ind2=" " tag="500"><subfield code="a">Publisher varies: Times Leader, &lt;Aug. 9, 1987-&gt;</subfield></datafield><datafield ind1=" " ind2=" " tag="530"><subfield code="a">Also issued on microfilm from Micro Photo Div. of Bell and Howell.</subfield></datafield><datafield ind1=" " ind2=" " tag="588"><subfield code="a">Latest issue consulted: Issue no. 1833 (Saturday, Oct. 24, 1987).</subfield></datafield><datafield ind1=" " ind2=" " tag="752"><subfield code="a">United States</subfield><subfield code="b">Pennsylvania</subfield><subfield code="c">Luzerne</subfield><subfield code="d">Wilkes-Barre.</subfield></datafield><datafield ind1="0" ind2="0" tag="780"><subfield code="t">Wilkes-Barre times leader (Wilkes-Barre, Pa. : 1978)</subfield><subfield code="x">0199-0519</subfield><subfield code="w">(DLC)sn 79007947</subfield></datafield></record>